@article{allahyar2015,
	title = {{FERAL}: network-based classifier with application to breast cancer outcome prediction},
	volume = {31},
	number = {12},
	journal = {Bioinformatics},
	author = {Allahyar, Amin and Ridder, Jeroen de},
	year = {2015},
	pmid = {26072498},
	pages = {i311--i319}
}

@article{kuijjer2015,
	title = {Estimating sample-specific regulatory networks},
	journal = {arXiv:1505.06440 [q-bio]},
	author = {Kuijjer, Marieke Lydia and Tung, Matthew and Yuan, GuoCheng and Quackenbush, John and Glass, Kimberly},
	year = {2015},
	note = {arXiv: 1505.06440}
}

@article{staiger2013,
	title = {Current composite-feature classification methods do not outperform simple single-genes classifiers in breast cancer prognosis},
	volume = {4},
	journal = {Frontiers in Genetics},
	author = {Staiger, Christine and Cadot, Sidney and Gy\"orffy, Bal\'azs and Wessels, Lodewyk F. A. and Klau, Gunnar W.},
	year = {2013},
	pmid = {24391662},
	pmcid = {PMC3870302}
}

@article{zhang2005,
	title = {A General Framework for Weighted Gene Co-Expression Network Analysis},
	volume = {4},
	number = {1},
	journal = {Statistical Applications in Genetics and Molecular Biology},
	author = {Zhang, Bin and Horvath, Steve},
	year = {2005}
}

@article{friedman2010,
	title = {A note on the group lasso and a sparse group lasso},
	journal = {arXiv:1001.0736 [math, stat]},
	author = {Friedman, J. and Hastie, T. and Tibshirani, R.},
	year = {2010},
	note = {arXiv: 1001.0736}
}